<record><leader>00000cas a22000007a 4500</leader><controlfield tag="001">16461744</controlfield><controlfield tag="008">870813d18661869iauwr ne      0    0eng d</controlfield><datafield ind1=" " ind2=" " tag="010"><subfield code="a">sn 87057783 </subfield></datafield><datafield ind1=" " ind2=" " tag="040"><subfield code="a">INP</subfield><subfield code="b">eng</subfield><subfield code="c">INP</subfield><subfield code="d">OCLCQ</subfield></datafield><datafield ind1=" " ind2=" " tag="042"><subfield code="a">msc</subfield></datafield><datafield ind1="0" ind2="4" tag="245"><subfield code="a">The Humboldt County true Democrat.</subfield></datafield><datafield ind1="1" ind2="3" tag="246"><subfield code="a">True Democrat</subfield></datafield><datafield ind1=" " ind2=" " tag="260"><subfield code="a">Springvale, Iowa :</subfield><subfield code="b">S.H. Taft,</subfield><subfield code="c">1866-</subfield></datafield><datafield ind1=" " ind2=" " tag="300"><subfield code="a">v. :</subfield><subfield code="b">ill. ;</subfield><subfield code="c">51 cm.</subfield></datafield><datafield ind1=" " ind2=" " tag="310"><subfield code="a">Weekly</subfield></datafield><datafield ind1="0" ind2=" " tag="362"><subfield code="a">Vol. 1, no. 1 (June 1, 1866)-</subfield></datafield><datafield ind1=" " ind2=" " tag="500"><subfield code="a">Humboldt, Iowa, formerly called Springvale, Iowa.</subfield></datafield><datafield ind1=" " ind2=" " tag="515"><subfield code="a">Issue for Jan. 3, 1868 misdated Jan. 3, 1867.</subfield></datafield><datafield ind1=" " ind2=" " tag="752"><subfield code="a">United States</subfield><subfield code="b">Iowa</subfield><subfield code="c">Humboldt</subfield><subfield code="d">Springvale.</subfield></datafield><datafield ind1=" " ind2=" " tag="752"><subfield code="a">United States</subfield><subfield code="b">Iowa</subfield><subfield code="c">Humboldt</subfield><subfield code="d">Humboldt.</subfield></datafield><datafield ind1="0" ind2="0" tag="785"><subfield code="t">Springvale Republican</subfield><subfield code="w">(DLC)sn 84027164</subfield></datafield></record>